% Encoding: UTF-8

@online{BLDC,
	author = {Wikipedia},
	title = {BÃ¼rstenloser Gleichstrommotor},
	date = {08.05.2017},
	url = {https://de.wikipedia.org/wiki/B%C3%BCrstenloser_Gleichstrommotor#Kommutierung},
}
